@article{Overview,
title = "Deep learning in neural networks: An overview",
journal = "Neural Networks",
volume = "61",
number = "",
pages = "85 - 117", 
year = "2015",
author = "Jürgen Schmidhuber",
}
  
@Inbook{Johnston2005,
	author="Johnston, Simon
	and Prasad, Girijesh
	and Maguire, Liam
	and McGinnity, Martin",
	chapter="Comparative Investigation into Classical and Spiking Neuron Implementations on FPGAs",
	title="Artificial Neural Networks: Biological Inspirations",
	year="2005",
	publisher="Springer",
	address="Heidelberg, Germany",
	pages="269--274",
}
 
@article{Johnson2009833,
	title = "Comparison of a spiking neural network and an MLP for robust identification of generator dynamics in a multimachine power system",
	journal = "Neural Networks", 
	volume = "22",
	number = "5–6",
	pages = "833 - 841",
	year = "2009",
	author = "Cameron Johnson and Ganesh Kumar Venayagamoorthy and Pinaki Mitra",
}

@ARTICLE{Indiveri,
	
	AUTHOR={Indiveri, Giacomo  and  Linares-Barranco, Bernabe  and  Hamilton, Tara Julia  and  van Schaik, André  and  Etienne-Cummings, Ralph  and  Delbruck, Tobi  and  Liu, Shih-Chii  and  Dudek, Piotr  and  Häfliger, Philipp  and  Renaud, Sylvie  and  Schemmel, Johannes  and  Cauwenberghs, Gert  and  Arthur, John  and  Hynna, Kai  and  Folowosele, Fopefolu  and  SAÏGHI, Sylvain  and  Serrano-Gotarredona, Teresa  and  Wijekoon, Jayawan  and  Wang, Yingxue  and  Boahen, Kwabena},   
	
	TITLE={Neuromorphic silicon neuron circuits},      
	
	JOURNAL={Frontiers in Neuroscience},      
	
	VOLUME={5},      
	
	YEAR={2011},      
	
	NUMBER={73},     

}

@INPROCEEDINGS{Phong, 
	author={Nguyen Duc Bui Phong and Daneshtalab, M. and Dytckov, S. and Plosila, J. and Tenhunen, H.}, 
	booktitle={NORCHIP, 2014}, 
	title={Silicon synapse designs for VLSI neuromorphic platform}, 
	pages={1-6}, 
	year={2014}, 
	month={Oct},}

@inproceedings{HardwareOrAnalog,
	author = {Joubert, Antoine and Belhadj, Bilel and Temam, Olivier and Héliot, Rodolphe},
	booktitle = {IJCNN},
	keywords = {dblp},
	pages = {1-5},
	publisher = {IEEE},
	title = {Hardware spiking neurons design: Analog or digital?},
	year = 2012
}

@article{Wijekoon_compact_silicon_circuit,
	title = "Compact silicon neuron circuit with spiking and bursting behaviour ",
	journal = "Neural Networks ",
	volume = "21",
	number = "2–3",
	pages = "524-534",
	year = "2008",
	author = "Jayawan H.B. Wijekoon and Piotr Dudek",
}

@ARTICLE{Energy-Efficient-Neuron, 
	author={Cruz-Albrecht, J.M. and Yung, M.W. and Srinivasa, N.}, 
	journal={Biomedical Circuits and Systems, IEEE Transactions on}, 
	title={Energy-Efficient Neuron, Synapse and STDP Integrated Circuits}, 
	year={2012}, 
	volume={6}, 
	number={3}, 
	pages={246-256}, 
	month={June},}

@Article{SNN_DCNN_object_rec,
	author="Cao, Yongqiang
	and Chen, Yang
	and Khosla, Deepak",
	title="Spiking Deep Convolutional Neural Networks for Energy-Efficient Object Recognition",
	journal="International Journal of Computer Vision",
	year="2014",
	volume="113",
	number="1",
	pages="54--66",
}

@INPROCEEDINGS{threshold_balancing, 
	author={Diehl, P.U. and Neil, D. and Binas, J. and Cook, M. and Shih-Chii Liu and Pfeiffer, M.}, 
	booktitle={Neural Networks (IJCNN), 2015 International Joint Conference on}, 
	title={Fast-classifying, high-accuracy spiking deep networks through weight and threshold balancing}, 
	year={2015}, 
	pages={1-8}, 
	month={July},}

@inproceedings{HWCE,
	author = {Conti, Francesco and Benini, Luca},
	title = {A Ultra-low-energy Convolution Engine for Fast Brain-inspired Vision in Multicore Clusters},
	booktitle = {Proceedings of the 2015 Design, Automation \& Test in Europe Conference \& Exhibition},
	series = {DATE '15},
	year = {2015},
	location = {Grenoble, France},
	pages = {683--688},
} 

@INPROCEEDINGS{NeuFlow, 
	author={Phi-Hung Pham and Jelaca, D. and Farabet, C. and Martini, B. and LeCun, Y. and Culurciello, E.}, 
	booktitle={Circuits and Systems (MWSCAS), 2012 IEEE 55th International Midwest Symposium on}, 
	title={NeuFlow: Dataflow vision processing system-on-a-chip}, 
	year={2012}, 
	pages={1044-1047}, 
	month={Aug},}

@inproceedings{DianNao,
	author = {Chen, Tianshi and Du, Zidong and Sun, Ninghui and Wang, Jia and Wu, Chengyong and Chen, Yunji and Temam, Olivier},
	title = {DianNao: A Small-footprint High-throughput Accelerator for Ubiquitous Machine-learning},
	booktitle = {Proceedings of the 19th International Conference on Architectural Support for Programming Languages and Operating Systems},
	series = {ASPLOS '14},
	year = {2014},
	location = {Salt Lake City, Utah, USA},
	pages = {269--284},
} 

@article{Temam:defect_tolerant,
	author = {Temam, Olivier},
	title = {A Defect-tolerant Accelerator for Emerging High-performance Applications},
	journal = {SIGARCH Comput. Archit. News},
	issue_date = {June 2012},
	volume = {40},
	number = {3},
	month = jun,
	year = {2012},
	pages = {356--367},
} 

@inproceedings{Origami,
	author = {Cavigelli, Lukas and Gschwend, David and Mayer, Christoph and Willi, Samuel and Muheim, Beat and Benini, Luca},
	title = {Origami: A Convolutional Network Accelerator},
	booktitle = {Proceedings of the 25th Edition on Great Lakes Symposium on VLSI},
	series = {GLSVLSI '15},
	year = {2015},
	isbn = {978-1-4503-3474-7},
	location = {Pittsburgh, Pennsylvania, USA},
	pages = {199--204},
} 

@inproceedings{12p,
	author = {Belhadj, Bilel and Joubert, Antoine and Li, Zheng and H{\'e}liot, Rodolphe and Temam, Olivier},
	title = {Continuous Real-world Inputs Can Open Up Alternative Accelerator Designs},
	booktitle = {Proceedings of the 40th Annual International Symposium on Computer Architecture},
	series = {ISCA '13},
	year = {2013},
	isbn = {978-1-4503-2079-5},
	location = {Tel-Aviv, Israel},
	pages = {1--12},
} 

@inproceedings{Esmaeilzadeh:Approximate,
	author = {Esmaeilzadeh, Hadi and Sampson, Adrian and Ceze, Luis and Burger, Doug},
	title = {Neural Acceleration for General-Purpose Approximate Programs},
	booktitle = {Proceedings of the 2012 45th Annual IEEE/ACM International Symposium on Microarchitecture},
	series = {MICRO-45},
	year = {2012},
	location = {Vancouver, B.C., CANADA},
	pages = {449--460}
} 

@INPROCEEDINGS{Esmaeilzadeh:Approximate_analog, 
	author={St.Amant, R. and Yazdanbakhsh, A. and Jongse Park and Thwaites, B. and Esmaeilzadeh, H. and Hassibi, A. and Ceze, L. and Burger, D.}, 
	booktitle={Computer Architecture (ISCA), 2014 ACM/IEEE 41st International Symposium on}, 
	title={General-purpose code acceleration with limited-precision analog computation}, 
	year={2014}, 
	pages={505-516}, 
	month={June}
}

 @ARTICLE{TrueNorth,
 	author={P.A. Merolla and J.V. Arthur and R. Alvarez-Icaza and A.S. Cassidy and J. Sawada and F. Akopyan and B.L. Jackson and N. Imam and C. Guo and Y. Nakamura and B. Brezzo and I. Vo and S.K. Esser and R. Appuswamy and B. Taba and A. Amir and M.D. Flickner and W.P. Risk and R. Manohar and D.S. Modha}, 
 	title={A million spiking-neuron integrated circuit with a scalable communication network and interface},
 	journal={Science},
 	year={2014}, 
 	month={August}, 
 	pages={668--673} }
 
 @ARTICLE{DVS_analog, 
 	author={Camunas-Mesa, L. and Zamarreno-Ramos, C. and Linares-Barranco, A. and Acosta-Jimenez, A.J. and Serrano-Gotarredona, T. and Linares-Barranco, B.}, 
 	journal={Solid-State Circuits, IEEE Journal of}, 
 	title={An Event-Driven Multi-Kernel Convolution Processor Module for Event-Driven Vision Sensors}, 
 	year={2012}, 
 	volume={47}, 
 	number={2}, 
 	pages={504-517}, 
 	month={Feb}}
 
 @ARTICLE{CAVIAR, 
 	author={Serrano-Gotarredona, R. and Oster, M. and Lichtsteiner, P. and Linares-Barranco, A. and Paz-Vicente, R. and Gomez-Rodriguez, F. and Camunas-Mesa, L. and Berner, R. and Rivas-Perez, M. and Delbruck, T. and Shih-Chii Liu and Douglas, R. and Hafliger, P. and Jimenez-Moreno, G. and Ballcels, A.C. and Serrano-Gotarredona, T. and Acosta-Jimenez, A.J. and Linares-Barranco, B.}, 
 	journal={Neural Networks, IEEE Transactions on}, 
 	title={CAVIAR: A 45k Neuron, 5M Synapse, 12G Connects/s AER Hardware Sensory-Processing-Learning-Actuating System for High-Speed Visual Object Recognition and Tracking}, 
 	year={2009}, 
 	volume={20}, 
 	number={9}, 
 	pages={1417-1438}, 
 	month={Sept},}
 
 @ARTICLE{DVS_digital, 
 	author={Serrano-Gotarredona, R. and Serrano-Gotarredona, T. and Acosta-Jimenez, A. and Linares-Barranco, B.}, 
 	journal={Circuits and Systems I: Regular Papers, IEEE Transactions on}, 
 	title={A Neuromorphic Cortical-Layer Microchip for Spike-Based Event Processing Vision Systems}, 
 	year={2006}, 
 	volume={53}, 
 	number={12}, 
 	pages={2548-2566}, 
 	month={Dec},}
 
 @INPROCEEDINGS{cassidy:million_FPGA, 
 	author={Cassidy, A. and Andreou, A.G. and Georgiou, J.}, 
 	booktitle={Information Sciences and Systems (CISS), 2011 45th Annual Conference on}, 
 	title={Design of a one million neuron single FPGA neuromorphic system for real-time multimodal scene analysis}, 
 	year={2011}, 
 	pages={1-6}, 
 	month={March},}
 
 @inproceedings{Spiking_resistive_crossbar,
 	author = {Liu, Chenchen and Yan, Bonan and Yang, Chaofei and Song, Linghao and Li, Zheng and Liu, Beiye and Chen, Yiran and Li, Hai and Wu, Qing and Jiang, Hao},
 	title = {A Spiking Neuromorphic Design with Resistive Crossbar},
 	booktitle = {Proceedings of the 52Nd Annual Design Automation Conference},
 	series = {DAC '15},
 	year = {2015},
 	location = {San Francisco, California},
 	pages = {14:1--14:6},
 } 
 
 @article{Thorpe:encodings,
 	title = "Spike-based strategies for rapid processing ",
 	journal = "Neural Networks ",
 	volume = "14",
 	number = "6–7",
 	pages = "715 - 725",
 	year = "2001",
 }
 
 @INPROCEEDINGS{Subthreshold_Izhikevich, 
 	author={Rangan, V. and Ghosh, A. and Aparin, V. and Cauwenberghs, G.}, 
 	booktitle={Engineering in Medicine and Biology Society (EMBC), 2010 Annual International Conference of the IEEE}, 
 	title={A subthreshold aVLSI implementation of the Izhikevich simple neuron model}, 
 	year={2010}, 
 	pages={4164-4167}, 
 	month={Aug},}
 
 @article{Vogelstein:neuron,
 	author = {Vogelstein, R. J. and Mallik, U. and Vogelstein, J. T. and Cauwenberghs, G.},
 	title = {Dynamically Reconfigurable Silicon Array of Spiking Neurons With Conductance-Based Synapses},
 	journal = {Trans. Neur. Netw.},
 	issue_date = {January 2007},
 	volume = {18},
 	number = {1},
 	month = jan,
 	year = {2007},
 	issn = {1045-9227},
 	pages = {253--265},} 
 
 @inproceedings{Memristor_approximated,
 	author = {Li, Boxun and Shan, Yi and Hu, Miao and Wang, Yu and Chen, Yiran and Yang, Huazhong},
 	title = {Memristor-based Approximated Computation},
 	booktitle = {Proc. of the 2013 Int. Symp. on Low Power Electronics and Design},
 	series = {ISLPED '13},
 	year = {2013},
 	isbn = {978-1-4799-1235-3},
 	location = {Beijing, China},
 	pages = {242--247} }
 
 @inproceedings{Can_we_use_SNN_RRAM,
 	author = {Tang, Tianqi and Xia, Lixue and Li, Boxun and Luo, Rong and Chen, Yiran and Wang, Yu and Yang, Huazhong},
 	title = {Spiking Neural Network with RRAM: Can We Use It for Real-world Application?},
 	booktitle = {Proceedings of the 2015 Design, Automation \& Test in Europe Conference \& Exhibition},
 	series = {DATE '15},
 	year = {2015},
 	isbn = {978-3-9815370-4-8},
 	location = {Grenoble, France},
 	pages = {860--865}
 } 
 
 @ARTICLE{Rajendran:specification_of_nanosscale, 
 	author={Rajendran, B. and Yong Liu and Jae-sun Seo and Gopalakrishnan, K. and Chang, L. and Friedman, D.J. and Ritter, M.B.}, 
 	journal={Electron Devices, IEEE Transactions on}, 
 	title={Specifications of Nanoscale Devices and Circuits for Neuromorphic Computational Systems}, 
 	year={2013}, 
 	volume={60}, 
 	number={1}, 
 	pages={246-253}, 
 	month={Jan},}
 
 @ARTICLE{STT_SNN, 
 	author={Deliang Fan and Yong Shim and Raghunathan, A. and Roy, K.}, 
 	journal={Nanotechnology, IEEE Transactions on}, 
 	title={STT-SNN: A Spin-Transfer-Torque Based Soft-Limiting Non-Linear Neuron for Low-Power Artificial Neural Networks}, 
 	year={2015}, 
 	volume={14}, 
 	number={6}, 
 	pages={1013-1023},
 	month={Nov},}
 
 @ARTICLE{RRAM_approximated, 
 	author={Boxun Li and Peng Gu and Yi Shan and Yu Wang and Yiran Chen and Huazhong Yang}, 
 	journal={Computer-Aided Design of Integrated Circuits and Systems, IEEE Transactions on}, 
 	title={RRAM-Based Analog Approximate Computing}, 
 	year={2015}, 
 	volume={34}, 
 	number={12}, 
 	pages={1905-1917},
 	month={Dec},}
 
 @INPROCEEDINGS{Segmented_memristor, 
 	author={Yakopcic, C. and Taha, T.M.}, 
 	booktitle={Neural Networks (IJCNN), The 2013 International Joint Conference on}, 
 	title={Energy efficient perceptron pattern recognition using segmented memristor crossbar arrays}, 
 	year={2013}, 
 	pages={1-8}, 
 	month={Aug},}
 
 @INPROCEEDINGS{ex_situ, 
 	author={Yakopcic, C. and Hasan, R. and Taha, T.M.}, 
 	booktitle={Neural Networks (IJCNN), 2015 International Joint Conference on}, 
 	title={Memristor based neuromorphic circuit for ex-situ training of multi-layer neural network algorithms}, 
 	year={2015}, 
 	pages={1-7}, 
 	month={July},}
 
 @inproceedings{Temam:comparison,
 	author = {Du, Zidong and Ben-Dayan Rubin, Daniel D. and Chen, Yunji and He, Liqiang and Chen, Tianshi and Zhang, Lei and Wu, Chengyong and Temam, Olivier},
 	title = {Neuromorphic Accelerators: A Comparison Between Neuroscience and Machine-learning Approaches},
 	booktitle = {Proceedings of the 48th International Symposium on Microarchitecture},
 	series = {MICRO-48},
 	year = {2015},
 	isbn = {978-1-4503-4034-2},
 	location = {Waikiki, Hawaii},
 	pages = {494--507}
 } 
 
 @INPROCEEDINGS{Merging_Interface, 
 	author={Boxun Li and Lixue Xia and Peng Gu and Yu Wang and Huazhong Yang}, 
 	booktitle={Design Automation Conference (DAC), 2015 52nd ACM/EDAC/IEEE}, 
 	title={MErging the Interface: Power, area and accuracy co-optimization for RRAM crossbar-based mixed-signal computing system}, 
 	year={2015}, 
 	pages={1-6},
 	month={June},}
 
 @INPROCEEDINGS{NOXIM, 
 	author={Catania, V. and Mineo, A. and Monteleone, S. and Palesi, M. and Patti, D.}, 
 	booktitle={Application-specific Systems, Architectures and Processors (ASAP), 2015 IEEE 26th International Conference on}, 
 	title={Noxim: An open, extensible and cycle-accurate network on chip simulator}, 
 	year={2015}, 
 	pages={162-163},
 	month={July},}
 
 @INPROCEEDINGS{Orion, 
 	author={Hang-Sheng Wang and Xinping Zhu and Li-Shiuan Peh and Malik, S.}, 
 	booktitle={Microarchitecture, 2002. (MICRO-35). Proceedings. 35th Annual IEEE/ACM International Symposium on}, 
 	title={Orion: a power-performance simulator for interconnection networks}, 
 	year={2002}, 
 	pages={294-305},}
 
 @book{Gerstner:SNN_models,
 	author = {Gerstner, Wulfram and Kistler, Werner},
 	title = {Spiking Neuron Models: An Introduction},
 	year = {2002},
 	isbn = {0521890799},
 	publisher = {Cambridge University Press},
 	address = {New York, NY, USA},
 } 
 
 @incollection{Backpropagation,
 	author = {Rumelhart, David E. and Hinton, Geoffrey E. and Williams, Ronald J.},
 	chapter = {Learning Representations by Back-propagating Errors},
 	title = {Neurocomputing: Foundations of Research},
 	editor = {Anderson, James A. and Rosenfeld, Edward},
 	year = {1988},
 	isbn = {0-262-01097-6},
 	pages = {696--699}
 } 
 
 @article{STDP,
 	author = {Jesper Sjöström and Wulfram Gerstner},
 	title = {Spike-timing dependent plasticity},
 	year = {2010},
 	journal = {Scholarpedia},
 	volume={5}, 
 	number={2},
 	month = {Feb} 
 	}